<?xml version="1.0" encoding="UTF-8"?><collection xmlns="http://www.loc.gov/MARC21/slim"><record><leader>00436nam--2200133-i-4500</leader><controlfield tag="001">000041031</controlfield><controlfield tag="002">20161230</controlfield><controlfield tag="005">20161230201042</controlfield><controlfield tag="008">060222s1000------------r-----000-0-eng-d</controlfield><datafield ind1=" " ind2=" " tag="100"><subfield code="a">Scuratov, S.M.Si Ocikin, A.V</subfield></datafield><datafield ind1=" " ind2=" " tag="245"><subfield code="a">Termochimia. lucrari practice de chimie fizica. (trad.din l.rusa prnteu uzul intreprinderilor)</subfield></datafield><datafield ind1=" " ind2=" " tag="260"><subfield code="a">Bucuresti, I.D.T., 48p.+erata</subfield></datafield><datafield ind1=" " ind2=" " tag="490"><subfield code="a">Comitetul De Stat Pentru Tehnica. [Litografiat]</subfield></datafield><datafield ind1=" " ind2=" " tag="852"><subfield code="a">2342</subfield></datafield></record></collection>